@string{jcp = {J. Comp. Phys.}}
@string{jfm = "J. Fluid Mech."}


@article{ab,
     author = {Akhavan-Behabadi, M.A. and Kumar, R. and Salimpour, M.R. and Azimi, R.},
     title = {Pressure drop and heat transfer augmentation due to coiled wire inserts during laminar flow of oil inside a horizontal tube},
     year = {2010},
     journal = {Int. J. of Thermal Sciences},
     volume = {49},
     pages = {373-79}
     }

@book{bejan,
  author    = {Bejan, Adrian},
  title     = {Convection Heat Transfer},
  publisher = {Wiley Inter-Science},
  year      = 1948,
  address   = {United States},
  edition   = 1,
  isbn      = {0471896128}
}

@article{col1,
     author = {Collins, Jeff T. and Conley, Craig M. and Attig, John M. and Baehl, Michael M.},
     title = {Enhanced Heat Transfer Using Wire-Coil Inserts for High-Heat-Load Applications},
     year = {2002},
     journal = {Int. Workshop on Mechanical Engineering Design of Synchrotron Radiation Equipment and Instrumentaton},
     pages = {409-419}
     }

@article{col2,
     author = {Collins, Jeff T. and O'Brien, W.R.},
     title = {Heat transfer optimization for APS high-heat-load/flux components}
     }

@misc{colcomm,
  author        = "J. T. Collins",
  howpublished  = "private communication",
  year          = "2020"
}


@book{deville,
  author    = {Deville, M.O. and Fischer, P.F. and Mund, E.H.},
  title     = {High-Order Methods for Incompressible Fluid Flow},
  publisher = {Cambridge University Press},
  year      = 2002,
  address   = {New York, NY},
  edition   = 1,
  isbn      = {9780521453097}
}


@article{eswaran,
     author = {V.Vedhagiri Eswaran and Ramadoss,G. and Subramanian, N.},

     title = {Design and Numerical Enhancement Analysis of Slanting Type Baffle Plate in Shell and Tube Heat Exchanger},
     year = {2015},
     journal = {ARPN J. Eng. and Appl. Sci.},
     volume = {10},
     number ={8},
     pages = {3348-3359}
     }

@article{garcia,
     author = {Garcia, A. and Vicente, P.G. and Viedma, A.},
     title = {Experimental Study of Heat Transfer Enhancement with Wire Coil Inserts in Laminar-transition-turbulent Regimes at Different Prandtl Numbers},
     year = {2005},
     journal = {Int. Journal of Heat and Mass Transfer},
     volume = {48},
     pages = {4640-4651}
     }

@article{greiner,
     author = {Greiner, M. and Fischer, P.F. and Tufo, H.M. and Wirtz, R.A.},
     title = {Three Dimensional Simulations of Enhanced Heat Transfer in a Flat Passage Downstream from a Grooved Channel},
     year = {2000},
     journal = {Proceedings of 34th National Heat Transfer Conference},
     pages = {1-9}
     }

@article{gunes,
     author = {Gunes, S. and Ozceyhan, V. and Buyukalaca, O.},
     title = {Heat transfer enhancement in a tube with equilateral triangle cross sectioned coiled wire inserts},
     year = {2010},
     journal = {Experimental Thermal and Fluid Science},
     pages = {684-91}
     }


@book{incropera,
  author    = {Incropera, F.P. and DeWitt, D.P.},
  title     = {Fundamentals of Heat and Mass Transfer},
  publisher = {Wiley},
  year      = 2002,
  address   = {Hoboken, NY},
  edition   = 5
}

@article{liu,
     author = {Liu, S. and Sakr, M.},
     title = {A Comprehensive Review on Passive Heat Transfer Enhancements in Pipe Exchangers},
     year = {2013},
     journal = {Renewable and Sustainable Energy Reviews},
     volume = {19},
     pages = {64-81}
     }

@article{munoz,
     author = {Munoz-Esparza, D. and Sanmiguel-Rojas,E.},
     title = {Numerical simulations of the laminar flow in pipes with wire coil inserts},
     year = {2011},
     journal = {Computers and Fluids},
     volume = {44},
     pages = {169-77}
     }


@article{patankar,
     author = {Patankar, S.V.  and Liu, C.H.  and Sparrow, E.M.},
     title = {Fully Developed Flow and Heat Transfer in Ducts Having Streamwise Periodic Variations of Cross-Sectional Area},
     year = {1977},
     journal = {Journal of Heat Transfer},
     volume = {99},
     pages = {180-186}
     }

@article{patera,
     author = {Patera, Anthony T.},
     title = {A Spectral Element Method for Fluid Dynamics: Laminar Flow in a Channel Expansion},
     year = {1983},
     journal = {Journal of Computational Physics},
     volume = {54},
     pages = {468-488}
     }


@article{solano,
     author = {Solano, J.P.  and Herrero, R. and Phan, A.N. and Harvey, A.P.},
     title = {Numerical study of the flow pattern and heat transfer enhancement in oscillatory baffled reactors iwth helical coil inserts},
     year = {2012},
     journal = {Chemical Engineering Research and Design},
     volume = {90},
     pages = {732-42}
     }


@article{taslim,
     author = {Taslim, M.E.  and Spring, S.D.},
     title = {Effects of Turbulator Profile and Spacing on Heat Transfer and Friction in a Channel},
     year = {1994},
     journal = {Journal of Thermophysics and Heat Transfer},
     volume = {8},
     number = {3},
     pages = {555-562}
     }



@article{yakut,
     author = {Yakut, K. and Sahin,B.},

     title = {The effects of vortex characteristics on performance of coiled wire turbulators used for heat transfer augmentation},
     year = {2004},
     journal = {Applied Thermal Engineering},
     volume = {24},
     pages = {2427-38}
     }



@article{volodin,
     author = {V.V. Volodin and I.N. Laskin and V.V. Golub and G.V. Kasharailo and V.L. Golovachev},

     title = {Mathematical Modeling of a Wire-coil Insert for Heat-exchange Enhancement in a Tube Passing a Transitional Flow},
     year = {2012},
     journal = {Chemical and Petroleum Engineering},
     volume = {48},
     number ={1-2},
     pages = {97-102}
     }


@article{zhu,
     author = {Zhu, M. and Riber, E. and Cuenot, B. and Bodart, J. and Poinsot, T.},
     title = {Wall-resolved large eddy simulation in refinery ribbed pipes},
     year = {2014},
     journal = {Proceedings of the Summer Program 2014},
     pages = {457-466}
     }

@article{vahidifar,
     author = {Vahidifar, S. and Kahrom, M.},
     title = {Experimental study of heat transfer enhancement in a heated tube cased by wire-coil and rings},
     year = {2015},
     journal = {Journal of Applied Fluid Mechanics},
     volume = {8},
     number = {4},
     pages = {885-892}
     }

@article{peterson89,
author = {Peterson, Janet S.},
title = {The Reduced Basis Method for Incompressible Viscous Flow Calculations},
journal = {SIAM Journal on Scientific and Statistical Computing},
volume = {10},
number = {4},
pages = {777-786},
year = {1989}
}

@article{jeong,
title={On the identification of a vortex},
volume={285},
journal={Journal of Fluid Mechanics},
publisher={Cambridge University Press},
author={Jeong, Jinhee and Hussain, Fazle},
year={1995},
pages={69–94}
}

@article{tsai22,
author="Ping-Hsuan Tsai and Paul Fischer",
title="Tentative Title",
publisher="Front. Physics",
year="2022",
}

@article{kaneko,
author="Kento Kaneko and Ping-Hsuan Tsai and Paul Fischer",
title="Towards model order reduction for fluid-thermal analysis",
publisher="Nuclear Engineering and Design",
year="2020",
volume="370",
pages="110866"
}

@article{tuckerman,
author="Tuckerman, L.S. and Barkley, D.",
title="Global Bifurcation to Traveling Waves in Axisymmetric Convection",
year="1988",
publisher="Phys. Rev. Lett.",
volume="61",
issue="4",
pages="408-411"
}

@article{barkley,
author="Barkley, D. and Tuckerman, L.S.",
year="1989",
title="Traveling waves in axisymmetric convection: the role of sidewall conductivity",
publisher="Physica D.",
volume="37",
pages="288-294"
}

@article{deim,
author="Chaturantabut, S. and  Sorensen, D. C.",
year="2010",
title="Nonlinear Model Reduction via Discrete Empirical Interpolation",
publisher="SIAM J. Sci. Comput.",
volume="32",
issue="5",
pages="2737–2764"
}

@article{lumley,
author="Lumley, J.L.",
year="1967",
title="The Structure of Inhomogeneous Turbulent Flows. In: Yaglom, A.M. and Tartarsky, V.I., Eds. Atmospheric Turbulence and Radio Wave Propagation",
pages="166-177"
}

@article{holmes,
author="Holmes, P. and Lumley, J. L. and Berkooz, G.",
year="1996",
title="Turbulence, Coherent Structure, Dynamical Systems and Symmetry",
publisher="Cambridge University Press"
}

@article{eim,
author="Barrault, M. and Maday, Y. and Nguyen, N.C. and Patera, A.T.",
year="2004",
title="An ‘empirical interpolation’ method: application to efficient reduced-basis discretization of partial differential equations",
publisher="Comptes Rendus Mathematique",
volume="339",
issue="9",
pages="667-672"
}

@article{veroy,
author="Veroy, K. and Rovas, D. V. and Patera, A.T.",
year="2002",
title={A Posteriori Error Estimation for Reduced-Basis Approximation of Parametrized Elliptic Coercive Partial Differential Equations: “Convex Inverse” Bound Conditioners},
publisher="ESAIM: Control, Optimisation and Calculus of Variations",
volume="8",
pages="1007–1028"
}

@article{fick,
author="Fick, L. H. and Maday, Y. and Patera, A. T. and Taddei, T.",
year="2018",
title="A Stabilized POD model for Turbulent Flows over a Range of Reynolds numbers: Optimal Parameter Sampling and Constrained Projection",
publisher="J. Comp. Phys.",
volume="371",
pages="214-243"
}

@article{iollo,
author="Iollo, A. and Lanteri, S. and Desideri, J. A.",
year="2000",
title="Stability Properties of POD–Galerkin Approximations for the Compressible {Navier–Stokes} Equations",
publisher="Theoret. Comput. Fluid Dynamics",
volume="13",
pages="377–396"
}

@article{wells,
author="Wells, D. and Wang, Z. and Xie, X. and Iliescu, T.",
year="2017",
title="An evolve-then-filter regularized reduced order model for convection-dominated flows",
publisher="Int. J. Num. Meth. in Fluids",
volume="84",
issue="10",
pages="598–615"
}

@article{sirovich,
author="Sirovich, L.",
year="1987",
title="Turbulence and the Dynamics of Coherent Structures. Part 1 : Coherent Structures",
publisher="Quarterly of Applied Mathematics",
volume="45",
pages="561–571"
}

@article{akkari19,
author={Akkari, N. and Casenave, F. and Moureau, V.},
title={Time Stable Reduced Order Modeling by an Enhanced Reduced Order Basis of the Turbulent and Incompressible 3D {Navier--Stokes} Equations},
JOURNAL = {Math. Comp. Appl.},
VOLUME = {24},
YEAR = {2019},
NUMBER = {2}
}

@inproceedings{akkari17,
  TITLE = {{Stable POD-Galerkin Reduced Order Models for unsteady turbulent incompressible flows}},
  AUTHOR = {Akkari, Nissrine and Mercier, Renaud and Lartigue, Ghislain and Moureau, Vincent},
  BOOKTITLE = {{55th AIAA Aerospace Sciences Meeting}},
  ADDRESS = {Grapevine, United States},
  YEAR = {2017},
}

%@article{qian}
%Qian, E., Grepl, M., Veroy, K., Willcox, K. ``A Certified Trust Region Reduced Basis Approach to PDE-Constrained Optimization''.


@article{merzari2009pod,
  title={Proper orthogonal decomposition of the flow in geometries
containing a narrow gap},
  author={Merzari, E. and Ninokata, H. and Mahmood, A. and Rohde, M.},
  journal={Theoretical an Computational Fluid Dynamics},
  volume={23},
  number={5},
  pages={333-351},
  year={2009},
  publisher={Springer-Verlag}
}
@article{merzari2017lsles,
  title={Large-scale large eddy simulation of nuclear reactor flows:
  Issues and perspectives},
  author={Merzari, E. and Obabko, A. and Fischer, P. and Halford, N. and
  Walker, J. and Siegel, A. and Yu, Y.},
  journal={Nuclear Engineering and Design},
  volume={312},
  pages={86-98},
  year={2017},
  publisher={Elsevier}
}
@inproceedings{merzari2011pod,
  title={A POD-based solver for the advection-diffusion equation},
  author={Merzari, Elia and Pointer, W David and Fischer, Paul},
  booktitle={ASME-JSME-KSME 2011 Joint Fluids Engineering Conference},
  pages={1139--1147},
  organization={American Society of Mechanical Engineers Digital Collection}
}

@article{lui2019romml,
  title={Construction of reduced-order models for fluid flows using deep feedforward neural networks},
  author={Lui, H. F. S. and Wolf, W. R.},
  journal={JFM},
  volume={872},
  pages={963--994},
  year={2019},
  publisher={Cambridge}
}

@article{khodkar2019reduced,
  title={Reduced-order modeling of fully turbulent buoyancy-driven flows using the Green's function method},
  author={Khodkar, MA and Hassanzadeh, Pedram and Nabi, Saleh and Grover, Piyush},
  journal={Physical Review Fluids},
  volume={4},
  number={1},
  pages={013801},
  year={2019},
  publisher={APS}
}

@article{guermond2011entropy,
  title={Entropy viscosity method for nonlinear conservation laws},
  author={Guermond, Jean-Luc and Pasquetti, Richard and Popov, Bojan},
  journal={Journal of Computational Physics},
  volume={230},
  number={11},
  pages={4248--4267},
  year={2011},
  publisher={Elsevier}
}
@article{guermond2004mathematical,
  title={Mathematical perspectives on large eddy simulation models for turbulent flows},
  author={Guermond, J-L and Oden, J Tinsley and Prudhomme, Serge},
  journal={Journal of Mathematical Fluid Mechanics},
  volume={6},
  number={2},
  pages={194--248},
  year={2004},
  publisher={Springer}
}

@article{fischer2008nek5000,
  title={Nek5000: Open source spectral element CFD solver},
  author={Fischer, P and Kruse, J and Mullen, J and Tufo, H and Lottes, J and Kerkemeier, S},
  journal={Argonne National Laboratory, Mathematics and Computer Science Division, Argonne, IL, see https://nek5000.mcs.anl.gov},
  year={2008}
}

@techreport{sao80_nasa,
   author ="S. Orszag",
   title = "Advanced stability theory analyses for laminar flow control",
   institution = "NASA Langley Research Center",
   year = "1980",
   address = "Hampton, VA, United States",
   number = "NASA Contractor Report 3233"}

@inproceedings{pkyeung19,
author="Ravikumar, K. and  D. Appelhans and PK. Yeung",
title="Acceleration of extreme scale pseudo-spectral
       simulations of turbulence using asynchronism",
booktitle="Proc. of the Int. Conf. for
    High Perf. Comp., Net., Storage and Analysis",
pages="8 (1--22)",
url = {https://doi.org/10.1145/3295500.3356209},
year="2019"}

@phdthesis{ke_ding_uiuc_thesis_2021,
author = "Ding, Ke",
school = "University of Illinois Urbana-Champaign",
title = "Free response of a freely-rotatable eccentric linearly-sprung
         circular cylinder in or absent a cross-flow",
year = "2021"}

@phdthesis{brenner2011,
author = "Brenner, Thomas",
school = "Texas A\&M University",
title = "Practical aspects of the implementation of reduced-order models based on proper orthogonal decomposition",
year = "2011"
}

@phdthesis{balajewicz2012,
author = "Maciej Balajewicz",
school = "Duke University",
title = "A New Approach to Model Order Reduction of the {Navier-Stokes} Equations",
year = "2012"
}

@book{dgsa77,
   author = "Gottlieb, D. and S.A. Orszag",
   title = "Numerical Analysis of Spectral Methods: Theory and Applications",
   publisher = "SIAM-CBMS",
   year = "1977",
   address = "Philadelphia"}

   @article{guermond04,
   author = "Guermond, J.-L. and J. T. Oden and S. Prudhomme",
   title = "Mathematical perspectives on large eddy simulation
            models for turbulent flows",
   journal = "J. Math. Fluid Mech.",
   volume = 6,
   pages = "194--248",
   year = 2004}
@article{guermond03,
   author = "Guermond, J.-L. and S. Prudhomme and J. T. Oden",
   title = "An interpretation of the {Navier-Stokes}-alpha model as a
            frame-indifferent Leray regularization",
   journal = "Physica D",
   volume = 177,
   pages = "23--30",
   year = 2003}


@article{orsisrde86,
   author = "Orszag, S.A. and M. Israeli and M.O. Deville",
   title =   "Boundary Conditions for Incompressible Flows.",
   journal = "J. Sci. Comp.",
   volume = "1",
   year = "1986",
   pages = "75--111"}

   @article{tomboulides89,
   author = "Tomboulides, A.G. and M. Israeli and G.E. Karniadakis",
   title =   "Efficient Removal of Boundary-Divergence Errors in Time-Splitting Methods ",
   journal = "J. Sci. Comput.",
   volume = "4",
   year = "1989",
   pages = "291--308"}

   @article {tomb97,
    author = "Tomboulides, A.G. and J.C.Y. Lee and S.A. Orszag",
    title = "Numerical Simulation of Low {Mach} Number Reactive Flows",
    journal = "J. of Scientific Computing",
    volume = "12",
    year = "1997",
    pages = "139-167"}

    @inbook{fischer17,
  author = "Fischer, P. and M. Schmitt and A. Tomboulides",
  title = "Recent developments in spectral element simulations of
           moving-domain problems",
  booktitle = "Recent Progress and Modern Challenges in Applied Mathematics,
               Modeling and Computational Science",
  editor = "R. Melnik",
  publisher = "Fields Institute Communications, Springer",
  volume = "79",
  pages = "213--244",
  year = "2017"
}


@article{rempfer00,
author = "Rempfer, D.",
title = "On low-dimensional {G}alerkin models for fluid flow",
journal = "Theor. and Comput. Fluid Dyn.",
volume = "14(2)",
pages = "75--88",
year = "2000"}

@phdthesis{mullen99,
   author = "Mullen, J.S.",
   school = "Brown University",
   title = "Development of a Parallel Spectral Element Based
            Large Eddy Simulation Model for the Flow of Incompressible
            Fluids in Complex Geometries",
   note = "Division of Engineering",
   year = "1999"}

@article{fischer97,
   author = "Fischer, P.F.",
   title = "An overlapping {S}chwarz method for spectral element solution of
   the incompressible {N}avier-{S}tokes equations",
   journal = jcp,
   volume = "133",
   year = "1997",
   pages = "84--101"}

@article{as87,
   author = "Acalar, M.S. and Smith, C.R.",
   title = "A study of hairpin vortices in a laminar boundary layer:
            Part 1, hairpin vortices generated by a hemisphere protuberance",
   journal = jfm,
   volume = "175",
   year = "1987",
   pages = "1--41"}

@article{ghaddar86,
   author = "Ghaddar, N.K. and G.E. Karniadakis and A.T. Patera",
   title =  "A conservative isoparametric spectral element method for forced
             convection: Application to fully developed flow in periodic
             geometries",
   journal = "Numer. Heat Transfer",
   volume = "9",
   year = "1986",
   pages = "277--300"}

@article{patankar77,
   author = "Patankar, S.V. and C.H. Liu and E.M. Sparrow",
   title = "Fully developed flow and heat transfer in ducts having
            streamwise-periodic variations of cross-sectional area",
   journal = "J. Heat Transfer",
   volume = "99",
   year = "1977",
   pages = "180--186"}

@article{couplet2003,
   title={Intermodal energy transfers in a proper orthogonal decomposition–Galerkin representation of a turbulent separated flow},
   volume={491},
   journal={Journal of Fluid Mechanics},
   publisher={Cambridge University Press},
   author={Couplet, M. and Sagaut, P. and Basdevant, C.},
   year={2003},
   pages={275–284}
}

@INPROCEEDINGS{chaturantabut2009,
    author={Chaturantabut, Saifon and Sorensen, Danny C.},
    booktitle={Proceedings of the 48h IEEE Conference on Decision and Control (CDC) held jointly with 2009 28th Chinese Control Conference},
    title={Discrete Empirical Interpolation for nonlinear model reduction},
    year={2009},
    volume={},
    number={},
    pages={4316-4321}
}


@article{chaturantabut2011,
    author = {Chaturantabut, Saifon and Sorensen, Danny C.},
    title = {Application of POD and DEIM on dimension reduction of non-linear miscible viscous fingering in porous media},
    journal = {Mathematical and Computer Modelling of Dynamical Systems},
    volume = {17},
    number = {4},
    pages = {337-353},
    year  = {2011}
}


@article{amsallem2012,
	author = {Amsallem, David and Farhat, Charbel},
	journal = {Int. J. Num. Meth. Eng.},
	month = {6},
	number = {4},
	pages = {358 - 377},
	title = {Stabilization of projection‐based reduced‐order models},
	volume = {91},
	year = {2012}
}

@article{cazemier1998,
author = {Cazemier,W.  and Verstappen,R. W. C. P.  and Veldman,A. E. P. },
title = {Proper orthogonal decomposition and low-dimensional models for driven cavity flows},
journal = {Physics of Fluids},
volume = {10},
number = {7},
pages = {1685-1699},
year = {1998}
}

